<record><leader>00000cas a2200000Ka 4500</leader><controlfield tag="001">30041158</controlfield><controlfield tag="008">940328d19851998vauwr ne      0   a0eng d</controlfield><datafield ind1=" " ind2=" " tag="010"><subfield code="a">sn 99066804 </subfield></datafield><datafield ind1=" " ind2=" " tag="040"><subfield code="a">VCN</subfield><subfield code="b">eng</subfield><subfield code="c">VCN</subfield><subfield code="d">NVK</subfield><subfield code="d">OCLCQ</subfield></datafield><datafield ind1=" " ind2=" " tag="032"><subfield code="a">499180</subfield><subfield code="b">USPS</subfield></datafield><datafield ind1=" " ind2=" " tag="037"><subfield code="b">The Times, 228 Main St., P.O. Box 366, Smithfield, Va. 23430</subfield></datafield><datafield ind1=" " ind2=" " tag="043"><subfield code="a">n-us-va</subfield></datafield><datafield ind1=" " ind2=" " tag="090"><subfield code="a">AN</subfield></datafield><datafield ind1="0" ind2=" " tag="130"><subfield code="a">Times (Smithfield, Va.)</subfield></datafield><datafield ind1="1" ind2="4" tag="245"><subfield code="a">The times.</subfield></datafield><datafield ind1=" " ind2=" " tag="260"><subfield code="a">Smithfield, Va. :</subfield><subfield code="b">Smithfield Times, Inc.,</subfield><subfield code="c">1985-1998.</subfield></datafield><datafield ind1=" " ind2=" " tag="300"><subfield code="a">v. :</subfield><subfield code="b">ill. ;</subfield><subfield code="c">58 cm.</subfield></datafield><datafield ind1=" " ind2=" " tag="310"><subfield code="a">Weekly</subfield></datafield><datafield ind1="0" ind2=" " tag="362"><subfield code="a">Vol. 66, no. 10 (Mar. 5, 1985)-v. 79, no. 17 (Apr. 29, 1998).</subfield></datafield><datafield ind1=" " ind2=" " tag="500"><subfield code="a">Publisher varies: Times Publishing Co., 1987-1998.</subfield></datafield><datafield ind1=" " ind2=" " tag="515"><subfield code="a">Continues numbering of Smithfield times (Smithfield, Va. : 1920).</subfield></datafield><datafield ind1=" " ind2=" " tag="530"><subfield code="a">Available on microfilm from Bell &amp; Howell, Micro Photo Div.; and from UMI.</subfield></datafield><datafield ind1=" " ind2="0" tag="651"><subfield code="a">Smithfield (Va.)</subfield><subfield code="v">Newspapers.</subfield></datafield><datafield ind1=" " ind2="0" tag="651"><subfield code="a">Isle of Wight County (Va.)</subfield><subfield code="v">Newspapers.</subfield></datafield><datafield ind1=" " ind2="0" tag="651"><subfield code="a">Surry County (Va.)</subfield><subfield code="v">Newspapers.</subfield></datafield><datafield ind1=" " ind2=" " tag="752"><subfield code="a">United States</subfield><subfield code="b">Virginia</subfield><subfield code="c">Isle of Wight</subfield><subfield code="d">Smithfield.</subfield></datafield><datafield ind1="0" ind2="0" tag="780"><subfield code="t">Smithfield times (Smithfield, Va. : 1920)</subfield><subfield code="w">(DLC)sn 96096579</subfield></datafield><datafield ind1="0" ind2="0" tag="785"><subfield code="t">Smithfield times (Smithfield, Va. : 1998)</subfield><subfield code="w">(DLC)sn 99066899</subfield></datafield></record>